@book{AHO88,
 author = {Aho, Alfred and Hopcroft, John and Ullman, Jeffrey},
 title = {Estructuras de Datos y Algoritmos},
 year = {1988},
 edition = {1ra},
 publisher = {Pearson - Addison Wesley}
}

@book{NY06,
 author = {Nyhoff, Larry},
 title = {TADs, Estructuras de datos y resoluci\'on de problemas con C++},
 year = {2006},
 edition = {2da},
 publisher = {Pearson}
}

@book{COR,
 author = {Cormen, Thomas},
 title = {Introduction to Algorithms},
 year = {2009},
 edition = {3ra},
 publisher = {The MIT Press}
}

@book{SED,
 author = {Sedgewick, Robert},
 title = {Algorithms in C++},
 year = {2006},
 publisher = {Addison Wesley}
}

@book{STR,
 author = {Stroustrup, Bjarne},
 title = {The C++ Programming Language},
 year = {2013},
 publisher = {Addison-Wesley Professional}
}

@article{RAM15,
author = {Ramírez, Esmitt},
title={{Alpha: Una notación algorítmica basada en pseudocódigo}},
journal={Télématique},
year={2015},
volume={14},
number={1},
pages={97-121}
}

@TECHREPORT{RIX,
  AUTHOR = {Scalise, Eugenio and Carmona, Rhadamés},
  TITLE =         {Análisis de Algoritmos y Complejidad},
  NUMBER =        {ND-2001-05},
  INSTITUTION =   {Lecturas en Ciencias de la Computación, Escuela de Computación, UCV},
  YEAR  =         {2001}
}